@incollection{Thornton2022,
  Author = {Thornton, S. and Xie, M.},
  title={Bridging Bayesian, frequentist and fiducial (BFF) inferences using confidence distribution},
  booktitle={Handbook on Bayesian, Fiducial and Frequentist (BFF) Inferences},
  editor = {Berger, J.O. and Meng, X.-L. and Reid, N. and Xie, M.},
  year={2022},
  Note = {To appear.},
  publisher={Chapman \& Hall}
}

@ARTICLE{fasiolo2016,
  title={A comparison of inferential methods for highly nonlinear state space models in Ecology and Epidemiology},
  author={Fasiolo, Matteo and Natalya Pya and Wood, Simon N},
  journal={Statistical Science},
  volume={31},
  number={1},
  pages={96--118},
  year={2016},
  publisher={The Institute of Mathematical Statistics}
}

@ARTICLE{fasiolo2018extended,
  title={An extended empirical saddlepoint approximation for intractable likelihoods},
  author={Fasiolo, Matteo and Wood, Simon N and Hartig, Florian and Bravington, Mark V},
  journal={Electronic Journal of Statistics},
  volume={12},
  number={1},
  pages={1544--1578},
  year={2018},
  publisher={The Institute of Mathematical Statistics and the Bernoulli Society}
}

@ARTICLE{mcfadden1989method,
  title={A method of simulated moments for estimation of discrete response models without numerical integration},
  author={McFadden, Daniel},
  journal={Econometrica: Journal of the Econometric Society},
  pages={995--1026},
  year={1989},
  publisher={JSTOR}
}

@ARTICLE{Barber2015,
  title={The rate of convergence for approximate Bayesian computation},
  author={Barber, Stuart and Voss, Jochen and Webster, Mark},
  journal={Electronic Journal of Statistics},
  volume={9},
  number={1},
  pages={80--105},
  year={2015},
  publisher={The Institute of Mathematical Statistics and the Bernoulli Society}
}

@ARTICLE{wood2010statistical,
  title={Statistical inference for noisy nonlinear ecological dynamic systems},
  author={Wood, Simon N},
  journal={Nature},
  volume={466},
  number={7310},
  pages={1102},
  year={2010},
  publisher={Nature Publishing Group}
}

@ARTICLE{Blum2010,
  title={Approximate Bayesian computation: A nonparametric perspective},
  author={Blum, Michael GB},
  journal={Journal of the American Statistical Association},
  volume={105},
  number={491},
  pages={1178--1187},
  year={2010}
}

@ARTICLE{blum2013comparative,
  title={A comparative review of dimension reduction methods in approximate Bayesian computation},
  author={Blum, Michael GB and Nunes, Maria Antonieta and Prangle, Dennis and Sisson, Scott A},
  journal={Statistical Science},
  volume={28},
  number={2},
  pages={189--208},
  year={2013},
  publisher={Institute of Mathematical Statistics}
}

@ARTICLE{marjoram2003markov,
  title={Markov chain Monte Carlo without likelihoods},
  author={Marjoram, Paul and Molitor, John and Plagnol, Vincent and Tavar{\'e}, Simon},
  journal={Proceedings of the National Academy of Sciences},
  volume={100},
  number={26},
  pages={15324--15328},
  year={2003},
  publisher={National Acad Sciences}
}

@ARTICLE{del2012adaptive,
  title={An adaptive sequential Monte Carlo method for approximate Bayesian computation},
  author={Del Moral, Pierre and Doucet, Arnaud and Jasra, Ajay},
  journal={Statistics and Computing},
  volume={22},
  number={5},
  pages={1009--1020},
  year={2012},
  publisher={Springer}
}

@ARTICLE{Fearnhead2012,
  author={Fearnhead, Paul and Prangle, Dennis},
  title={Constructing summary statistics for approximate Bayesian computation: semi-automatic approximate Bayesian computation (with discussion)},
  journal={Journal of the Royal Statistical Society, Series B},
  year={2012},
  volume={74},
  pages={419-474}
} 

@ARTICLE{beaumont2002,
  author={Beaumont, Mark A. and Zhang, Wenyang and Balding, David J.},
  title={Approximate Bayesian Computation in Population Genetics},
  volume={162},
  number={4},
  pages={2025--2035},
  year={2002},
  publisher={Genetics},
  issn={0016-6731},
  journal={Genetics}
}

@inproceedings{meeds2015optimization,
  title={Optimization {M}onte {C}arlo: Efficient and embarrassingly parallel likelihood-free inference},
  author={Meeds, Edward and Welling, Max},
  booktitle={Advances in Neural Information Processing Systems},
  pages={2080--2088},
  year={2015}
}

@ARTICLE{Beaumont2009,
  author={Beaumont, Mark A.},
  title={Adaptive {B}ayesian computation},
  journal={Annual Review of Statistics and Its Application},
  year={2019},
  volume={6},
  pages={379-403}
}

@ARTICLE{Beaumont2019,
  author={Beaumont, Mark A. and Cornuet, Jean-Marie and Marin, Jean-Michel and Robert, Christian P.},
  title={Adaptive approximate {B}ayesian computation},
  journal={Biometrika},
  year={2009},
  volume={20},
  number={10},
  pages={1-9}
}

@ARTICLE{Cameron2012,
  author={Cameron, E. and Pettitt, A. N.},
  title={Approximate Bayesian Computation for astronomical model analysis: A case study in galaxy demographics and morphological transformation at high redshift},
  journal={Monthly Notices of the Royal Astronomical Society},
  year={2012},
  volume={425},
  number={1},
  pages={44-65}
}

@ARTICLE{Creel2013,
  author={Creel, Michael and Kristensen, Dennis},
  title={Indirect Likelihood Inference},
  journal={Manuscript, Department of Economics. Columbia University},
  year={2013}
}

@ARTICLE{Csillery2010,
  author={Csill{\'{e}}ry, Katalin and Blum, Michael G B and Gaggiotti, Oscar E. and Fran{\c{c}}ois, Olivier},
  title={Approximate {B}ayesian Computation ({ABC}) in practice},
  journal={Trends in Ecology and Evolution},
  year={2010},
  volume={25},
  number={7},
  pages={410-418}
}

@ARTICLE{Frazier2016,
  author={Frazier, David T and Martin, Gael M and Robert, Christian P and Rousseau, Judith},
  title={Asymptotic Properties of Approximate {B}ayesian Computation},
  journal={Biometrika},
  year={2018}
}

@ARTICLE{Freedman1981,
  author={Freedman, David A. and Bickel, Peter J.},
  title={Some Asymptotic Theory for the Bootstrap},
  journal={Annals of Statistics},
  year={1981},
  volume={9},
  number={6},
  pages={1196-1217}
}

@ARTICLE{Gourieroux1993,
  author={Gourieroux, C. and Monfort, A. and Renault, E.},
  title={Indirect Inference},
  journal={Journal of Applied Econometrics},
  year={1993},
  volume={8},
  number={S1},
  pages={S85-S118}
}

@ARTICLE{Hannig2016,
  author={Hannig, J. and Iyer, H and Lai, C.S. and Lee, T.C.M.},
  title={Generalized fiducial inference: A review and new results},
  journal={Journal of American Statistical Association},
  year={2016},
  doi={10.1080/01621459.2016.1165102}
}

@unpublished{Immel1951,
  author={Immel, E.R.},
  title={Problems of estimation and of hypothesis testing connected with birth-and-death Markov processes},
  school={Univ. of California, Los Angeles},
  year={1951},
  journal={Annals of Mathematical Statistics},
  volume={22},
  pages={485}
}

@ARTICLE{Joyce2008,
  author={Joyce, Paul and Marjoram, Paul},
  title={Approximately Sufficient Statistics and {B}ayesian Computation},
  journal={Statistical Applications in Genetics and Molecular Biology},
  year={2008},
  volume={7},
  number={1},
  pages={26}
}

@ARTICLE{Keiding1975,
  author={Keiding, N.},
  title={Maximum Likelihood Estimation in the Birth-and-Death Process},
  journal={The Annals of Statistics},
  year={1975},
  volume={3},
  number={2},
  pages={363-372}
}

@ARTICLE{Karabatsos2018,
  author={Karabatsos, G. and Leisen, F.},
  title={An approximate likelihood perspective on ABC methods},
  journal={Statistics Surveys}, 
  year={2018},
  volume={12},
  pages={66-104}
}

@ARTICLE{Kravchuk2012,
    author={Kravchuk, O. Y. and Pollett, P. K.},
    title={Hodges-Lehmann Scale Estimator for {C}auchy Distribution},
    journal={Communications in Statistics- Theory and Methods},
    year={2012},
    volume={41},
    pages={3621-3632}
}

@ARTICLE{Li2016,
  author={Li, Wentao and Fearnhead, Paul},
  title={On the Asymptotic Efficiency of approximate Bayesian computation estimators},
  journal={Biometrika},
  year={2018},
  volume={105},
  number={2},
  pages={286-299}
}

@ARTICLE{Li2017,
  author={Li, Wentao and Fearnhead, Paul},
  title={Convergence of regression-adjusted approximate Bayesian computation},
  journal={Biometrika},
  year={2018},
  volume={105},
  number={2},
  pages={301-318}
}

@ARTICLE{Liu1999,
  author={Liu, R.Y. and Parelius, J.M. and Singh, K. },
  title={Multivariate analysis by data depth: descriptive statistics, graphics and inference (with discussion)},
  journal={Annals of Statistics},
  year={1999},
  volume={27},
  pages={783 - 858}
}

@ARTICLE{Marin2011,
  author={Marin, Jean-Michel and Pudlo, Pierre and Robert, Christian P. and Ryder, Robin J.},
  title={Approximate Bayesian Computational methods},
  journal={Statistics and Computing},
  year={2011},
  volume={22},
  number={6},
  pages={1167-1180}
}

@ARTICLE{Meeds2015,
  author={Meeds, Edward and Welling, Max},
  title={Optimization {M}onte {C}arlo: Efficient and Embarrassingly Parallel Likelihood-Free Inference},
  journal={Advances in Neural Information Processing Systems},
  year={2015}
}

@ARTICLE{Peters2012,
  author={Peters, G.W. and Fan, Y. and Sisson, S.A.},
  title={On sequential Monte Carlo partial rejection control approximate Bayesian computation},
  journal={Statistical Computing},
  year={2012},
  volume={22},
  pages={1209-1222}
}

@ARTICLE{Robinson2014,
  author={Robinson, John D. and Bunnefeld, Lynsey and Hearn, Jack and Stone, Graham N. and Hickerson, Michael J.},
  title={ABC inference of multi-population divergence with admixture from unphased population genomic data},
  journal={Molecular Ecology},
  year={2014},
  volume={23},
  number={18},
  pages={4458-4471}
}

@BOOK{Schweder2016,
  author={Schweder, Tore and Hjort, Nils Lid},
  title={Confidence, Likelihood, Prabability},
  publisher={Cambridge University Press},
  year={2016}
}

@ARTICLE{Serfling2002,
  author={Serfling, R.},
  title={Quantile functions for multivariate analysis: approaches and applications},
  journal={Statistica Neerlandica},
  year={2002},
  volume={56},
  number={2},
  pages={214-232}
}

@ARTICLE{Singh1981,
  author={Singh, Kesar},
  title={On the asymptotic accuracy of Efron's bootstrap},
  journal={The Annals of Statistics},
  year={1981},
  volume={9},
  number={6},
  pages={1187-1195}
}

@ARTICLE{Singh2007,
  author={Singh, Kesar and Xie, Minge and Strawderman, William E.},
  title={Confidence distribution ({CD}) - distribution estimator of a parameter},
  journal={IMS Lecture Notes},
  year={2007},
  volume={54},
  pages={132-150}
}

@ARTICLE{Sisson2007,
  author={Sisson, S. and Fan, Y. and Tanaka, M.},
  title={Sequential {M}onte {C}arlo without likelihoods},
  journal={Proceedings of the National Academie of Science USA},
  year={2007},
  volume={104},
  pages={1760-1765}
}

@ARTICLE{Creel2015, 
  author={Creel, M. and Kristensen, D.},
  title={ABC of SV: Limited information likelihood inference in stochastic volatility jump-diffusion models},
  journal={Journal of Empirical Finance},
  year={2015},
  volume={31},
  pages={85--108}
}

@ARTICLE{Martin2019,
  author={Martin, G. and McCabe, B. and Frazier, D. and Maneesoonthorn, W. and Robert, C.},
  title={Auxiliary likelihood-based approximate Bayesian computation in state space models},
  journal={Journal of Computational and Graphical Statistics},
  year={2019},
  volume={28},
  issue={3}, 
  pages={508-522}
} 

@ARTICLE{Cheng1949,
  author={Cheng, T. T.},
  title={The normal approximation to the Poisson distribution and a proof of a conjecture of Ramanujan},
  journal={Bulletin of the American Mathematical Society}, 
  year={1949},
  volume={55},
  number={4},
  pages={396-401}
}

@ARTICLE{Xie2013,
  author={Xie, Minge and Singh, Kesar},
  title={Confidence distribution, the frequentist distribution estimator of a parameter: A review},
  journal={International Statistical Review},
  year={2013},
  volume={81},
  number={1},
  pages={3-39}
}

@ARTICLE{Cappe2004,
  author={Capp{\'{e}} O. and Guillin, A. and Marin, J. M. and Robert, C. P.},
  title={Population Monte Carlo},
  journal={Journal of Computational and Graphical Statistics},
  year={2004},
  volume={13},
  number={4},
  pages={907-929}
}

@book{marquette_statistics_2021,
  title = {Statistics for {Astrophysics}: {Bayesian} {Methodology}},
  author = {Jean-Baptiste Marquette},
  chapter = {Approximate Bayesian computation, an introduction},
  year = {2018}
}
%marquette_statistics_2021 Marquette, Jean-Baptiste. 2018. Statistics for Astrophysics : Bayesian Methodology. Les Ulis: EDP Sciences.
  %author = {Christian P Robert},